@book{eyetrack,
    author = {Holmqvist, Kenneth and Nystr√∂m, Marcus and Andersson, Richard and Dewhurst, Richard and Jarodzka, Halszka and van de Weijer, Joost},
    year = {2011},
    month = {01},
    pages = {},
    title = {Eye Tracking: A Comprehensive Guide To Methods And Measures}
}

@article{perclos,
    title={PERCLOS: A Valid Psychophysiological Measure of Alertness As Assessed by Psychomotor Vigilance},
    publisher={Office of Motor Carrier Researchand Standards},
    year={1998}
}